@book{latex123,
  title={大家來學 LaTeX},
  author={李果正},
  year={2004}
}

@inproceedings{permissionevolution,
  title={{Permission Evolution in the Android Ecosystem}},
  author={Wei, Xuetao and Gomez, Lorenzo and Neamtiu, Iulian and Faloutsos, Michalis},
  booktitle={Proceedings of the 28th Annual Computer Security Applications Conference},
  pages={31--40},
  year={2012},
  organization={ACM}
}

@inproceedings{permissionevolution2,
  title={Permission Evolution in the Android Ecosystem},
  author={Wei, Xuetao and Gomez, Lorenzo and Neamtiu, Iulian},
  booktitle={Proceedings of the 28th Annual Computer Security Applications Conference},
  pages={31--40},
  year={2012},
  organization={ACM}
}